
@misc{circle-tangents,
    title={Finding common tangents to two circles}, 
    url={https://cp-algorithms.com/geometry/tangents-to-two-circles.html},
    journal={Common tangents to two circles - Algorithms for Competitive Programming},
    author={Jha, Prakash},
    year={2022}, 
    month={Jun}
} 